@inproceedings{michel2012mygander,
  title={myGander: A mobile interface and distributed search engine for pervasive computing},
  author={Michel, Jonas and Julien, Christine and Payton, Jamie and Roman, G-C},
  booktitle={Pervasive Computing and Communications Workshops (PERCOM Workshops), 2012 IEEE International Conference on},
  pages={495--497},
  year={2012},
  organization={IEEE}
}

@article{modelmobilizing,
  title={Mobilizing Search of the Here and Now},
  author={Model, A Pervasive Computing Data}
}

@article{michel2013gander,
  title={The gander search engine for personalized networked spaces},
  author={Michel, Jonas Reinhardt},
  year={2013}
}


@article{atzori2010internet,
  title={The internet of things: A survey},
  author={Atzori, Luigi and Iera, Antonio and Morabito, Giacomo},
  journal={Computer Networks},
  volume={54},
  number={15},
  pages={2787--2805},
  year={2010},
  publisher={Elsevier}
}

@inproceedings{aberer2007infrastructure,
  title={Infrastructure for data processing in large-scale interconnected sensor networks},
  author={Aberer, Karl and Hauswirth, Manfred and Salehi, Ali},
  booktitle={Mobile Data Management, 2007 International Conference on},
  pages={198--205},
  year={2007},
  organization={IEEE}
}

@article{welbourne2009building,
  title={Building the internet of things using RFID: the RFID ecosystem experience},
  author={Welbourne, Evan and Battle, Leilani and Cole, Garrett and Gould, Kayla and Rector, Kyle and Raymer, Samuel and Balazinska, Magdalena and Borriello, Gaetano},
  journal={Internet computing, IEEE},
  volume={13},
  number={3},
  pages={48--55},
  year={2009},
  publisher={IEEE}
}

@article{kortuem2010smart,
  title={Smart objects as building blocks for the internet of things},
  author={Kortuem, Gerd and Kawsar, Fahim and Fitton, Daniel and Sundramoorthy, Vasughi},
  journal={Internet Computing, IEEE},
  volume={14},
  number={1},
  pages={44--51},
  year={2010},
  publisher={IEEE}
}

@inproceedings{ostermaier2010real,
  title={A real-time search engine for the web of things},
  author={Ostermaier, Benedikt and Romer, K and Mattern, Friedemann and Fahrmair, Michael and Kellerer, Wolfgang},
  booktitle={Internet of Things (IOT), 2010},
  pages={1--8},
  year={2010},
  organization={IEEE}
}

@article{chui2010internet,
  title={The internet of things},
  author={Chui, Michael and L{\"o}ffler, Markus and Roberts, Roger},
  journal={McKinsey Quarterly},
  volume={2},
  pages={1--9},
  year={2010}
}

@InProceedings{grapevine,
 author = {Evan Grim and Chien-Liang Fok and Christine Julien},
 title = {Grapevine: Efficient Situational Awareness in Pervasive Computing Environments},
 institution = {The Center for Advanced Research in Software Engineering, The University of Texas at Austin},
 booktitle = {Submitted for consideration in an upcoming IEEE conference},
 year = {2012},
 }
 
 @article{manyika2011big,
  title={Big data: The next frontier for innovation, competition, and productivity},
  author={Manyika, James and Chui, Michael and Brown, Brad and Bughin, Jacques and Dobbs, Richard and Roxburgh, Charles and Byers, Angela H},
  year={2011}
}

@article{berners1994world,
  title={The world-wide web},
  author={Berners-Lee, Tim and Cailliau, Robert and Luotonen, Ari and Nielsen, Henrik Frystyk and Secret, Arthur},
  journal={Communications of the ACM},
  volume={37},
  number={8},
  pages={76--82},
  year={1994}
}

@article{officialdisruptive,
  title={Disruptive Civil Technologies},
  author={OFFICIAL, US},
  publisher={DTIC Document}
}

@TechReport{dais,
 author = {S. Kabadayi and C. Julien and A. Pridgen},
 title = {DAIS: Enabling Declarative Applications in Immersive Sensor Networks},
 institution = {The Center for Excellence in Distributed Global Environments, The University of Texas at Austin},
 number = {TR-UTEDGE-2006-000},
 year = {2006},
 }
 
 @inproceedings{chazelle2004bloomier,
  title={The Bloomier filter: an efficient data structure for static support lookup tables},
  author={Chazelle, Bernard and Kilian, Joe and Rubinfeld, Ronitt and Tal, Ayellet},
  booktitle={Proceedings of the fifteenth annual ACM-SIAM symposium on Discrete algorithms},
  pages={30--39},
  year={2004},
  organization={Society for Industrial and Applied Mathematics}
}

@inproceedings{agmon2008multi,
  title={Multi-robot perimeter patrol in adversarial settings},
  author={Agmon, Noa and Kraus, Sarit and Kaminka, Gal A},
  booktitle={Robotics and Automation, 2008. ICRA 2008. IEEE International Conference on},
  pages={2339--2345},
  year={2008},
  organization={IEEE}
}

@article{page1999pagerank,
  title={The PageRank citation ranking: bringing order to the web.},
  author={Page, Lawrence and Brin, Sergey and Motwani, Rajeev and Winograd, Terry},
  year={1999},
  publisher={Stanford InfoLab}
}

@article{picco2002global,
  title={On global virtual data structures},
  author={Picco, Gian Pietro and Murphy, Amy L and Roman, Gruia-Catalin},
  journal={Process Coordination and Ubiquitous Computing},
  pages={11--29},
  year={2002},
  publisher={CRC Press, Boca Raton, FL}
}

@inproceedings{varga2001omnet++,
  title={The OMNeT++ discrete event simulation system},
  author={Varga, Andr{\'a}s and others},
  booktitle={Proceedings of the European Simulation Multiconference (ESM?2001)},
  volume={9},
  pages={185},
  year={2001},
  organization={sn}
}

@inproceedings{krajzewicz2002sumo,
  title={Sumo (simulation of urban mobility)},
  author={Krajzewicz, Daniel and Hertkorn, Georg and R{\"o}ssel, C and Wagner, P},
  booktitle={Proc. of the 4th Middle East Symposium on Simulation and Modelling},
  pages={183--187},
  year={2002}
}

@book{gamma1993design,
  title={Design patterns: Abstraction and reuse of object-oriented design},
  author={Gamma, Erich and Helm, Richard and Johnson, Ralph and Vlissides, John},
  year={1993},
  publisher={Springer}
}